
@misc{ACAP,
    title={Axis Camera Application Platform (ACAP)},
    author={Axis Communications},
    howpublished = {\url{https://www.axis.com/developer-community/acap}},
    note= {Accessed: 2024-09-19}
}

@misc{usabiltyPrinciples,
  author       = {99designs},
  title        = {10 Usability Principles for Great Website Design},
  year         = {2024},
  url          = {https://99designs.com/blog/web-digital/website-usability-principles/},
  note         = {Accessed: 2024-10-03}
}


}

@website{GDPR,
    title={General Data Protection Regulation},
    author={European Union},
    howpublished = {\url{https://gdprinfo.eu/sv/sv-article-1}},
    note= {Accessed: 2024-09-19}
}
