
@book{tan2014introduction,
  title={Introduction to data mining},
  author={Tan, Pang-Ning},
  year={2014},
  publisher={Pearson Education Limited}
}

% Add these to your bibliography file or section

@online{mckinsey2023,
  author = {McKinsey Well},
  title = {Global Security \& Surveillance Market Growth 2023-2029},
  year = {2023},
  url = {https://mckinseywell.com/products/global-security-surveillance-market-growth-2023-2029},
  urldate = {2024-09-16}
}

@online{aipix2023,
  author = {AIPIX},
  title = {The Top 8 Video Surveillance Tech Trends for 2023},
  year = {2023},
  url = {https://aipix.ai/blog/en/the-top-8-video-surveillance-tech-trends-for-2023/},
  urldate = {2024-09-16}
}

@online{iapp2023,
  author = {IAPP},
  title = {2023 Australian Community Attitudes to Privacy Survey highlights rapidly shifting landscape},
  year = {2023},
  url = {https://iapp.org/news/a/2023-australian-community-attitudes-to-privacy-survey-highlights-rapidly-shifting-landscape},
  urldate = {2024-09-16}
}

@online{axis2022,
  author = {Security World Market},
  title = {Axis predicts security technology trends for 2022},
  year = {2022},
  url = {https://www.securityworldmarket.com/int/News/Business-News/axis-predicts-security-technology-trends-for-2022},
  urldate = {2024-09-16}
}

@online{axis_about,
  author = {Axis Communications},
  title = {About Axis},
  year = {2024},
  url = {https://www.axis.com/about-axis},
  urldate = {2024-09-16}
}

@online{axis_homepage,
  author = {Axis Communications},
  title = {Axis Communications Homepage},
  year = {2024},
  url = {https://www.axis.com/en-gb},
  urldate = {2024-09-16}
}

@online{axis_sustainability2023,
  author = {Axis Communications},
  title = {Axis Sustainability Report 2023},
  year = {2023},
  url = {https://www.axis.com/dam/public/b2/84/79/axis-sustainability-report-2023-en-US-442004.pdf},
  urldate = {2024-09-16}
}

@online{axis_trends2022,
  author = {Security World Market},
  title = {Axis predicts security technology trends for 2022},
  year = {2022},
  url = {https://www.securityworldmarket.com/int/News/Business-News/axis-predicts-security-technology-trends-for-2022},
  urldate = {2024-09-16}

}

@online{axis_newsroom2023,
  author = {Axis Communications},
  title = {Axis Communications Exceed 2023 Performance Goals},
  year = {2023},
  url = {https://newsroom.axis.com/en-ca/press-release/exceed-2023-performance-goals},
  urldate = {2024-09-16}
}

@online{grandview2023,
  author = {Grand View Research},
  title = {Video Surveillance Market Size, Share \& Trends Analysis Report},
  year = {2023},
  url = {https://www.grandviewresearch.com/industry-analysis/video-surveillance-market-report},
  urldate = {2024-09-16}
}

@online{stellar2023,
  author = {Stellar Market Research},
  title = {Video Surveillance Market Report},
  year = {2023},
  url = {https://www.stellarmr.com/report/Video-Surveillance-Market/389},
  urldate = {2024-09-16}
}

@online{axis_website,
  author = {Axis Communications},
  title = {Axis Communications Official Website},
  year = {2024},
  url = {https://www.axis.com/en-gb},
  urldate = {2024-09-16}
}

@online{marketsandmarkets2023,
  author = {MarketsandMarkets},
  title = {Video Surveillance Market Report},
  year = {2023},
  url = {https://www.marketsandmarkets.com/Market-Reports/video-surveillance-market-645.html},
  urldate = {2024-09-16}
}