
@book{tan2014introduction,
  title={Introduction to data mining},
  author={Tan, Pang-Ning},
  year={2014},
  publisher={Pearson Education Limited}
}

